@inproceedings{Roy:2006:AGD:1220175.1220268,
 author = {Roy, Shourya and Subramaniam, L Venkata},
 title = {Automatic generation of domain models for call centers from noisy transcriptions},
 booktitle = {Proceedings of the 21st International Conference on Computational Linguistics and the 44th annual meeting of the Association for Computational Linguistics},
 series = {ACL-44},
 year = {2006},
 location = {Sydney, Australia},
 pages = {737--744},
 numpages = {8},
 url = {http://dx.doi.org/10.3115/1220175.1220268},
 doi = {10.3115/1220175.1220268},
 acmid = {1220268},
 publisher = {Association for Computational Linguistics},
 address = {Stroudsburg, PA, USA},
} 

@inproceedings{Cortez:2011:JUS:1989323.1989380,
 author = {Cortez, Eli and Oliveira, Daniel and da Silva, Altigran S. and de Moura, Edleno S. and Laender, Alberto H.F.},
 title = {Joint unsupervised structure discovery and information extraction},
 booktitle = {Proceedings of the 2011 ACM SIGMOD International Conference on Management of data},
 series = {SIGMOD '11},
 year = {2011},
 isbn = {978-1-4503-0661-4},
 location = {Athens, Greece},
 pages = {541--552},
 numpages = {12},
 url = {http://doi.acm.org/10.1145/1989323.1989380},
 doi = {10.1145/1989323.1989380},
 acmid = {1989380},
 publisher = {ACM},
 address = {New York, NY, USA},
 keywords = {data management, information extraction, text segmentation},
} 
@article{Tonelli:2013:WWM:2405838.2405917,
 author = {Tonelli, Sara and Giuliano, Claudio and Tymoshenko, Kateryna},
 title = {Wikipedia-based WSD for multilingual frame annotation},
 journal = {Artif. Intell.},
 issue_date = {January, 2013},
 volume = {194},
 month = jan,
 year = {2013},
 issn = {0004-3702},
 pages = {203--221},
 numpages = {19},
 url = {http://dx.doi.org/10.1016/j.artint.2012.06.002},
 doi = {10.1016/j.artint.2012.06.002},
 acmid = {2405917},
 publisher = {Elsevier Science Publishers Ltd.},
 address = {Essex, UK},
 keywords = {Frame annotation, FrameNet-Wikipedia mapping, Multilingual FrameNets, Word sense disambiguation},
} 
@InProceedings{yamada-EtAl:2011:IJCNLP-2011,
  author    = {Yamada, Ichiro  and  Oh, Jong-Hoon  and  Hashimoto, Chikara  and  Torisawa, Kentaro  and  Kazama, Jun'ichi  and  De Saeger, Stijn  and  Kawada, Takuya},
  title     = {Extending WordNet with Hypernyms and Siblings Acquired from Wikipedia},
  booktitle = {Proceedings of 5th International Joint Conference on Natural Language Processing},
  month     = {November},
  year      = {2011},
  address   = {Chiang Mai, Thailand},
  publisher = {Asian Federation of Natural Language Processing},
  pages     = {874--882},
  url       = {http://www.aclweb.org/anthology/I11-1098}
}

@InProceedings{regneri-koller-pinkal:2010:ACL,
  author    = {Regneri, Michaela  and  Koller, Alexander  and  Pinkal, Manfred},
  title     = {Learning script knowledge with web experiments},
  booktitle = {Proceedings of ACL 2010},
  month     = {July},
  year      = {2010},
  address   = {Uppsala, Sweden},
  publisher = {Association for Computational Linguistics},
  pages     = {},
  url       = {}
}

